<record><leader>00000cas a22000007a 4500</leader><controlfield tag="001">37844785</controlfield><controlfield tag="008">971025d194u1968tnuwr ne      0    0eng d</controlfield><datafield ind1=" " ind2=" " tag="010"><subfield code="a">sn 97065479 </subfield></datafield><datafield ind1=" " ind2=" " tag="040"><subfield code="a">TGN</subfield><subfield code="b">eng</subfield><subfield code="c">TGN</subfield><subfield code="d">OCLCQ</subfield><subfield code="d">TGN</subfield><subfield code="d">OCLCQ</subfield><subfield code="d">OCLCF</subfield><subfield code="d">OCLCO</subfield></datafield><datafield ind1="1" ind2=" " tag="029"><subfield code="a">AU@</subfield><subfield code="b">000013538981</subfield></datafield><datafield ind1=" " ind2=" " tag="042"><subfield code="a">msc</subfield></datafield><datafield ind1=" " ind2=" " tag="043"><subfield code="a">n-us-tn</subfield></datafield><datafield ind1="0" ind2="0" tag="245"><subfield code="a">Tennessee Valley appeal.</subfield></datafield><datafield ind1=" " ind2=" " tag="260"><subfield code="a">Adamsville, Tenn. :</subfield><subfield code="b">Appeal Pub. Co.,</subfield><subfield code="c">-1968.</subfield></datafield><datafield ind1=" " ind2=" " tag="300"><subfield code="a">v.</subfield></datafield><datafield ind1=" " ind2=" " tag="310"><subfield code="a">Weekly</subfield></datafield><datafield ind1="0" ind2=" " tag="362"><subfield code="a">-v. 42, no. 5 (Oct. 24, 1968).</subfield></datafield><datafield ind1=" " ind2=" " tag="588"><subfield code="a">Description based on: Vol. 29, no. 37 (June 14, 1957).</subfield></datafield><datafield ind1=" " ind2="0" tag="651"><subfield code="a">Adamsville (Tenn.)</subfield><subfield code="v">Newspapers.</subfield></datafield><datafield ind1=" " ind2="0" tag="651"><subfield code="a">McNairy County (Tenn.)</subfield><subfield code="v">Newspapers.</subfield></datafield><datafield ind1=" " ind2="7" tag="655"><subfield code="a">Newspapers.</subfield><subfield code="2">fast</subfield><subfield code="0">(OCoLC)fst01423814</subfield></datafield><datafield ind1=" " ind2="7" tag="651"><subfield code="a">Tennessee</subfield><subfield code="z">Adamsville.</subfield><subfield code="2">fast</subfield><subfield code="0">(OCoLC)fst01284193</subfield></datafield><datafield ind1=" " ind2="7" tag="651"><subfield code="a">Tennessee</subfield><subfield code="z">McNairy County.</subfield><subfield code="2">fast</subfield><subfield code="0">(OCoLC)fst01227037</subfield></datafield><datafield ind1="0" ind2="6" tag="780"><subfield code="t">Shopper and consumer guide</subfield><subfield code="w">(DLC)sn2003062302</subfield><subfield code="w">(OCoLC)53041015</subfield></datafield><datafield ind1="0" ind2="0" tag="780"><subfield code="t">McNairy County appeal</subfield><subfield code="w">(DLC)sn 88061277</subfield></datafield><datafield ind1="0" ind2="0" tag="785"><subfield code="t">Adamsville appeal</subfield><subfield code="w">(DLC)sn 97065480</subfield></datafield></record>